@ARTICLE{Crossfield2014,
       author = {{Crossfield}, I.~J.~M. and {Biller}, B. and {Schlieder}, J.~E. and {Deacon}, N.~R. and {Bonnefoy}, M. and {Homeier}, D. and {Allard}, F. and {Buenzli}, E. and {Henning}, Th. and {Brandner}, W. and {Goldman}, B. and {Kopytova}, T.},
        title = "{A global cloud map of the nearest known brown dwarf}",
      journal = {\nat},
     keywords = {Astrophysics - Earth and Planetary Astrophysics, Astrophysics - Instrumentation and Methods for Astrophysics, Astrophysics - Solar and Stellar Astrophysics},
         year = 2014,
        month = jan,
       volume = {505},
       number = {7485},
        pages = {654-656},
          doi = {10.1038/nature12955},
archivePrefix = {arXiv},
       eprint = {1401.8145},
 primaryClass = {astro-ph.EP},
       adsurl = {https://ui.adsabs.harvard.edu/abs/2014Natur.505..654C},
      adsnote = {Provided by the SAO/NASA Astrophysics Data System}
}

@ARTICLE{ForemanMackey2021,
       author = {{Foreman-Mackey}, Daniel and {Luger}, Rodrigo and {Agol}, Eric
                and {Barclay}, Thomas and {Bouma}, Luke G. and {Brandt},
                Timothy D. and {Czekala}, Ian and {David}, Trevor J. and
                {Dong}, Jiayin and {Gilbert}, Emily A. and {Gordon}, Tyler A.
                and {Hedges}, Christina and {Hey}, Daniel R. and {Morris},
                Brett M. and {Price-Whelan}, Adrian M. and {Savel}, Arjun B.},
        title = "{exoplanet: Gradient-based probabilistic inference for
                  exoplanet data \& other astronomical time series}",
      journal = {arXiv e-prints},
         year = 2021,
        month = may,
          eid = {arXiv:2105.01994},
        pages = {arXiv:2105.01994},
archivePrefix = {arXiv},
       eprint = {2105.01994},
 primaryClass = {astro-ph.IM},
       adsurl = {https://ui.adsabs.harvard.edu/abs/2021arXiv210501994F},
      adsnote = {Provided by the SAO/NASA Astrophysics Data System}
}

@ARTICLE{Luger2021,
       author = {{Luger}, Rodrigo and {Bedell}, Megan and {Foreman-Mackey}, Daniel and {Crossfield}, Ian J.~M. and {Zhao}, Lily L. and {Hogg}, David W.},
        title = "{Mapping stellar surfaces III: An Efficient, Scalable, and Open-Source Doppler Imaging Model}",
      journal = {arXiv e-prints},
     keywords = {Astrophysics - Solar and Stellar Astrophysics, Astrophysics - Earth and Planetary Astrophysics, Astrophysics - Instrumentation and Methods for Astrophysics},
         year = 2021,
        month = oct,
          eid = {arXiv:2110.06271},
        pages = {arXiv:2110.06271},
archivePrefix = {arXiv},
       eprint = {2110.06271},
 primaryClass = {astro-ph.SR},
       adsurl = {https://ui.adsabs.harvard.edu/abs/2021arXiv211006271L},
      adsnote = {Provided by the SAO/NASA Astrophysics Data System}
}

@ARTICLE{Wagg2021,
       author = {{Wagg}, Tom and {Breivik}, Katelyn and {de Mink}, Selma E.},
        title = "{LEGWORK: A python package for computing the evolution and detectability of stellar-origin gravitational-wave sources with space-based detectors}",
      journal = {arXiv e-prints},
     keywords = {Astrophysics - High Energy Astrophysical Phenomena, General Relativity and Quantum Cosmology},
         year = 2021,
        month = nov,
          eid = {arXiv:2111.08717},
        pages = {arXiv:2111.08717},
archivePrefix = {arXiv},
       eprint = {2111.08717},
 primaryClass = {astro-ph.HE},
       adsurl = {https://ui.adsabs.harvard.edu/abs/2021arXiv211108717W},
      adsnote = {Provided by the SAO/NASA Astrophysics Data System}
}